<record><leader>00000cas a22000007a 4500</leader><controlfield tag="001">14983523</controlfield><controlfield tag="008">861217d18271829pauwr ne      0    0eng d</controlfield><datafield ind1=" " ind2=" " tag="010"><subfield code="a">sn 86083420 </subfield></datafield><datafield ind1=" " ind2=" " tag="040"><subfield code="a">NPH</subfield><subfield code="b">eng</subfield><subfield code="c">NPH</subfield><subfield code="d">DLC</subfield><subfield code="d">NST</subfield><subfield code="d">DLC</subfield><subfield code="d">OCL</subfield><subfield code="d">BUF</subfield><subfield code="d">OCLCF</subfield><subfield code="d">OCLCO</subfield></datafield><datafield ind1="1" ind2=" " tag="029"><subfield code="a">AU@</subfield><subfield code="b">000020128411</subfield></datafield><datafield ind1=" " ind2=" " tag="042"><subfield code="a">msc</subfield></datafield><datafield ind1=" " ind2=" " tag="043"><subfield code="a">n-us-pa</subfield></datafield><datafield ind1="0" ind2="0" tag="050"><subfield code="a">Newspaper</subfield></datafield><datafield ind1="1" ind2="4" tag="050"><subfield code="a">AN286</subfield><subfield code="b">.P44</subfield></datafield><datafield ind1="0" ind2="0" tag="245"><subfield code="a">Philadelphia price current.</subfield></datafield><datafield ind1=" " ind2=" " tag="260"><subfield code="a">[Philadelphia, Pa.] :</subfield><subfield code="b">Billington &amp; Sanderson,</subfield><subfield code="c">1827-1829.</subfield></datafield><datafield ind1=" " ind2=" " tag="300"><subfield code="a">3 v.</subfield></datafield><datafield ind1=" " ind2=" " tag="310"><subfield code="a">Weekly</subfield></datafield><datafield ind1="0" ind2=" " tag="362"><subfield code="a">Vol. 1, no. 1 (May 26, 1827)-v. 3, no. 21 (Oct. 17, 1829).</subfield></datafield><datafield ind1=" " ind2=" " tag="500"><subfield code="a">Published every Saturday morning.</subfield></datafield><datafield ind1=" " ind2=" " tag="530"><subfield code="a">Available on microfilm from the Historical Society of Pennsylvania.</subfield></datafield><datafield ind1=" " ind2="0" tag="651"><subfield code="a">Philadelphia (Pa.)</subfield><subfield code="v">Newspapers.</subfield></datafield><datafield ind1=" " ind2="7" tag="655"><subfield code="a">Newspapers.</subfield><subfield code="2">fast</subfield><subfield code="0">(OCoLC)fst01423814</subfield></datafield><datafield ind1=" " ind2="7" tag="651"><subfield code="a">Pennsylvania</subfield><subfield code="z">Philadelphia.</subfield><subfield code="2">fast</subfield><subfield code="0">(OCoLC)fst01204170</subfield></datafield><datafield ind1=" " ind2=" " tag="752"><subfield code="a">United States</subfield><subfield code="b">Pennsylvania</subfield><subfield code="c">Philadelphia</subfield><subfield code="d">Philadelphia.</subfield></datafield><datafield ind1="0" ind2="0" tag="785"><subfield code="t">Philadelphia price current, and commercial advertiser</subfield><subfield code="w">(DLC)sn 86083419</subfield><subfield code="w">(OCoLC)14983541</subfield></datafield></record>